<?xml version="1.0" encoding="UTF-8"?><record xmlns="http://www.loc.gov/MARC21/slim" xmlns:cinclude="http://apache.org/cocoon/include/1.0" xmlns:zs="http://www.loc.gov/zing/srw/">
  <leader>00892cz  a2200193n  4500</leader>
  <controlfield tag="001">nr2004031566</controlfield>
  <controlfield tag="003">DLC</controlfield>
  <controlfield tag="005">20100508075255.0</controlfield>
  <controlfield tag="008">041015n| acannaabn          |b aaa      </controlfield>
  <datafield tag="010" ind1=" " ind2=" ">
    <subfield code="a">nr2004031566</subfield>
  </datafield>
  <datafield tag="035" ind1=" " ind2=" ">
    <subfield code="a">(OCoLC)oca06471012</subfield>
  </datafield>
  <datafield tag="040" ind1=" " ind2=" ">
    <subfield code="a">DLC-R</subfield>
    <subfield code="b">eng</subfield>
    <subfield code="c">DLC-R</subfield>
    <subfield code="d">DLC-R</subfield>
    <subfield code="d">OCoLC</subfield>
    <subfield code="d">MdU</subfield>
  </datafield>
  <datafield tag="100" ind1="1" ind2=" ">
    <subfield code="a">Ōta, Shōichi</subfield>
  </datafield>
  <datafield tag="400" ind1="1" ind2=" ">
    <subfield code="a">大田省一</subfield>
  </datafield>
  <datafield tag="667" ind1=" " ind2=" ">
    <subfield code="a">Machine-derived non-Latin script reference project.</subfield>
  </datafield>
  <datafield tag="667" ind1=" " ind2=" ">
    <subfield code="a">Non-Latin script references not evaluated.</subfield>
  </datafield>
  <datafield tag="670" ind1=" " ind2=" ">
    <subfield code="a">Tōkyō Daigaku Tōyō Bunka Kenkyūjo shozō Shinchō kenchiku kankei shiryō mokuroku, 2004:</subfield>
    <subfield code="b">t.p. (Ōta Shōichi) 2nd pref. (asst., Tōyō Bunka Kenkyūjo Tōyōgaku Kenkyū Jōhō Sentā)</subfield>
  </datafield>
  <datafield tag="670" ind1=" " ind2=" ">
    <subfield code="a">RLIN database, 10/15/04</subfield>
    <subfield code="b">(Ōta Shōichi)</subfield>
  </datafield>
  <datafield tag="670" ind1=" " ind2=" ">
    <subfield code="a">Tōkyō Daigaku Tōyō Bunka Kenkyūjo shozō Shinchō kenchiku zuyō zuroku, 2005:</subfield>
    <subfield code="b">t.p. (Ōta Shōichi) colophon (b. 1966)</subfield>
  </datafield>
</record>